@InProceedings{gurung2011lr,
  title={LR: compact connectivity representation for triangle meshes},
  author={Gurung, T. and Luffel, M. and Lindstrom, P. and Rossignac, J.},
  booktitle={ACM Transactions on Graphics (TOG)},
  volume={30},
  number={4},
  pages={67},
  year={2011},
  organization={ACM}
}
